<?xml version="1.0" encoding="UTF-8"?><collection xmlns="http://www.loc.gov/MARC21/slim"><record><leader>00557nam--2200157-i-4500</leader><controlfield tag="001">000018102</controlfield><controlfield tag="002">20161230</controlfield><controlfield tag="005">20170128174309</controlfield><controlfield tag="008">060222s1000------------r-----000-0-eng-d</controlfield><datafield ind1=" " ind2=" " tag="080"><subfield code="a">538.551.21.621.316</subfield></datafield><datafield ind1=" " ind2=" " tag="245"><subfield code="a">Electric circuits. A first course in circuit analysis for electrical engineers. By members of the staff of the department of electrical engineering</subfield></datafield><datafield ind1=" " ind2=" " tag="260"><subfield code="a">New York</subfield><subfield code="b">Willey</subfield><subfield code="c">1949</subfield></datafield><datafield ind1=" " ind2=" " tag="300"><subfield code="a">XXXIII + 782 p.Cu Fig. 8-th Printing</subfield></datafield><datafield ind1=" " ind2=" " tag="490"><subfield code="a">Principles Of Electrical Eng.Series.M.I.T</subfield></datafield><datafield ind1=" " ind2=" " tag="852"><subfield code="a">2043</subfield></datafield><datafield ind1=" " ind2=" " tag="CAT"><subfield code="a">SYS</subfield><subfield code="c">20170128</subfield><subfield code="h">174309</subfield></datafield></record></collection>